@book{knuth1984,
  author    = {Donald E. Knuth},
  title     = {The {TeX}book},
  year      = {1984},
  publisher = {Addison-Wesley},
  address   = {Reading, MA}
}

@article{lamport1986,
  author  = {Leslie Lamport},
  title   = {Document Preparation System {LATEX}},
  journal = {Software: Practice and Experience},
  year    = {1986},
  volume  = {15},
  number  = {6},
  pages   = {485--486},
  doi     = {10.1002/spe.4380150609}
}

@online{duckduckgo2023,
  author    = {DuckDuckGo},
  title     = {DuckDuckGo: The Internet Privacy Company},
  year      = {2023},
  url       = {https://duckduckgo.com},
  note      = {Accessed: 2023-10-01}
}
